% Encoding: UTF-8

@ARTICLE{Aumann62,
  author = "Robert J. Aumann",
  title = "Utility Theory without the Completeness Axiom",
  year = "1962",
  journal = "Econometrica",
  volume = "30",
  pages = "445--462"
}

@ARTICLE{Bewley02,
  author = "Truman F. Bewley",
  title = "Knightian Decision Theory: Part I",
  year = "2002",
  journal = "Decisions in Economics and Finance",
  volume = "2",
  pages = "79--110"
}

@TECHREPORT{Bewley86,
  author = "Truman F. Bewley",
  title = "Knightian Decision Theory: Part I",
  year = "1986",
  institution = "Cowles Foundation",
  series = "Discussion Paper N.807"
}

@Article {BMM2011,
    author = "Arie Beresteanu and Ilya Molchanov and Francesca Molinari",
    title = "Sharp Identification Regions in Models with Convex Moment Predictions ",
    journal = "Econometrica",
    year = 2011,
    volume = "79",
    pages = "1785--1821"
}

@Article{BMM2012,
  author =  "Arie Beresteanu and Ilya Molchanov and Francesca Molinari",
  title =   "Partial Identification Using Random Set Theory",
  journal = "Journal of Econometrics",
  year =    "2012",
  volume =  "166",
  pages =   "17--32"
}

@ARTICLE{DubraMaccheroniOk04,
  author = "Juan Dubra and Fabio Maccheroni and Efe A. Ok",
  title = "Expected Utility Theory without the Completeness Axiom",
  year = "2004",
  journal = "Journal of Economic Theory",
  volume = "115",
  pages = "118--133"
}

@BOOK{Fishburn1970book,
  title = "Utility Theory For Decision Making",
  publisher = "Wiley and Sons",
  year = "1970",
  author = "Peter C. Fishburn"
}

@Article{Hukuhara1967,
  author =  "Masuo Hukuhara",
  title =   "Integration des applications measurables dont la valeur est un compact convexe",
  journal = "Funkcialaj Ekvacioj",
  year =    "1967",
  volume =  "10",
  pages =   "205--223"
}

@ARTICLE{LopomoRigottiShannon11,
  author = "Giuseppe Lopomo and Luca Rigotti and Chris Shannon",
  title = "Knightian uncertainty and moral hazard",
  year = "2012",
  journal = "Journal of Economic Theory",
  volume = "146",
  pages = "1148--1172"
}

@InBook{Matzkin1994,
  chapter =   "42",
  title =     "Restrictions of Economic Theory in Nonparametric Methods",
  publisher = "Elsevier",
  year =      "1994",
  author =    "Rosa Matzkin",
  editor =    "R.F. Engel and D.L. McFadden",
  volume =    "4",
  series =    "Handbook of Econometrics"
}

@Book{Molchanov2005,
  title =     "Theory of Random Sets",
  publisher = "Springer",
  year =      "2005",
  author =    "Ilya Molchanov"
}

@Article{NevoRosen,
  author =  "Aviv Nevo and Adam Rosen",
  title =   "Identification with imperfect instruments",
  journal = "Review of Economics and Statistics",
  year =    "2012",
  volume =  "93",
  number =  "3",
  pages =   "695--671"
}


@ARTICLE{Ok02,
  author = "Efe A. Ok",
  title = "Utility Representation of an Incomplete Preference Relation",
  year = "2002",
  journal = "Journal of Economic Theory",
  volume = "104",
  pages = "429--449"
}

@ARTICLE{RigottiShannon05,
  author = "Luca Rigotti and Chris Shannon",
  title = "Uncertainty and Risk in Financial Markets",
  year = "2005",
  journal = "Econometrica",
  volume = "73",
  pages = "203--243"
}
